<record><leader>00000cas a2200000 a 4500</leader><controlfield tag="001">53157883</controlfield><controlfield tag="008">031007c19009999iludr ne      0   a0eng c</controlfield><datafield ind1=" " ind2=" " tag="010"><subfield code="a">sn2008058178</subfield></datafield><datafield ind1=" " ind2=" " tag="040"><subfield code="a">JED</subfield><subfield code="b">eng</subfield><subfield code="c">JED</subfield><subfield code="d">OCLCQ</subfield><subfield code="d">DLC</subfield><subfield code="d">OCLCQ</subfield><subfield code="d">OCLCF</subfield><subfield code="d">OCLCO</subfield></datafield><datafield ind1="1" ind2=" " tag="029"><subfield code="a">AU@</subfield><subfield code="b">000043224888</subfield></datafield><datafield ind1=" " ind2=" " tag="042"><subfield code="a">pcc</subfield></datafield><datafield ind1=" " ind2=" " tag="043"><subfield code="a">n-us-il</subfield></datafield><datafield ind1="0" ind2=" " tag="130"><subfield code="a">Daily herald (Arlington Heights, Ill. : McHenry ed.)</subfield></datafield><datafield ind1="1" ind2="4" tag="245"><subfield code="a">The daily herald.</subfield></datafield><datafield ind1=" " ind2=" " tag="250"><subfield code="a">[McHenry ed.].</subfield></datafield><datafield ind1=" " ind2=" " tag="260"><subfield code="a">Arlington Heights, Ill. :</subfield><subfield code="b">Paddock Publications,</subfield><subfield code="c">1977-</subfield></datafield><datafield ind1=" " ind2=" " tag="300"><subfield code="a">v.</subfield></datafield><datafield ind1=" " ind2=" " tag="310"><subfield code="a">Daily</subfield></datafield><datafield ind1=" " ind2=" " tag="500"><subfield code="a">Issued also in numerous eds.</subfield></datafield><datafield ind1=" " ind2=" " tag="500"><subfield code="a">"Fox Valley focus."</subfield></datafield><datafield ind1=" " ind2="0" tag="651"><subfield code="a">McHenry County (Ill.)</subfield><subfield code="v">Newspapers.</subfield></datafield><datafield ind1=" " ind2="0" tag="651"><subfield code="a">Fox River Valley (Wis. and Ill.)</subfield><subfield code="v">Newspapers.</subfield></datafield><datafield ind1=" " ind2="7" tag="655"><subfield code="a">Newspapers.</subfield><subfield code="2">fast</subfield><subfield code="0">(OCoLC)fst01423814</subfield></datafield><datafield ind1=" " ind2="7" tag="651"><subfield code="a">Illinois</subfield><subfield code="z">McHenry County.</subfield><subfield code="2">fast</subfield><subfield code="0">(OCoLC)fst01214997</subfield></datafield><datafield ind1=" " ind2="7" tag="651"><subfield code="a">United States</subfield><subfield code="z">Fox River Valley.</subfield><subfield code="2">fast</subfield><subfield code="0">(OCoLC)fst01311290</subfield></datafield><datafield ind1=" " ind2=" " tag="752"><subfield code="a">United States</subfield><subfield code="b">Illinois</subfield><subfield code="c">Cook</subfield><subfield code="d">Arlington Heights.</subfield></datafield></record>